@techreport{Aws:15,
     title = {{FERPA Compliance on AWS}},
     author = {Amazon Web Services},
     year = {2015},
     institution = {Amazon Web Services, Inc.},
     month = {05},
}

@techreport{BeHo:14,
     title = {{Encrypting Data at Rest}},
     author = {Beer, Ken and Holland, Ryan},
     year = {2014},
     institution = {Amazon Web Services, Inc.},
     month = {11},
}

@online{MFA:15,
  author = {Amazon Web Services},
  title = {{Multi-factor Authentication}},
  year = 2015,
  url = {http://aws.amazon.com/iam/details/mfa/},
  urldate = {2015-06-29}
}